3210 5040
695 223 921 293 Extravagantia.

753 458 754 461 ,
779 400 837 466 B.*

268 514 485 626 *alleiniger
507 545 602 608 Text:
627 544 742 608 Kodex
767 548 807 608 33
833 544 888 607 des
912 541 1137 622 Domkapitels
1160 561 1221 604 von
1244 538 1349 604 Ivrea.

198 653 320 737 (zuerst
343 651 578 716 verdffentlioht
602 672 663 715 von
689 654 725 714 A.
749 651 875 734 Peyron
902 651 948 712 in:
988 648 1143 712 Memorio
1167 646 1253 710 della
1281 645 1427 736 111101-

199 759 304 822 demia
321 758 404 822 dello
421 759 546 822 soienoe
563 758 730 822 (11Το11110
751 762 843 822 1816.
868 758 898 821 S.
918 757 978 819 129
990 754 1021 818 ff.
1046 794 1088 803 -
1112 753 1246 818 Hessels
1262 752 1320 818 ool.
1338 756 1426 836 421).

798 969 829 1042 1.

288 1097 321 1163 Si
345 1099 417 1180 quis
442 1098 581 1180 aliquem
605 1098 647 1160 ad
670 1097 835 1160 servitium
852 1096 1040 1176 mallaverit,
1065 1101 1098 1160 et
1120 1095 1175 1158 ille
1192 1093 1344 1158 vuadium
1369 1092 1427 1157 de·

198 1205 283 1268 derit
307 1211 340 1270 et
362 1205 584 1269 fideiussorem
612 1205 768 1286 posuerit,
798 1211 834 1268 ut
861 1203 1039 1267 anthmallo
1067 1203 1228 1285 legitimos
1255 1201 1290 1264 in
1317 1200 1427 1282 patria

198 1313 237 1376 de
262 1333 326 1394 qua
350 1317 406 1392 est,
429 1317 529 1376 testes
552 1333 608 1375 sue
632 1311 791 1375 libertatis
816 1311 893 1374 dare
923 1310 1048 1391 debeat,
1075 1309 1176 1374 faoiat
1202 1315 1280 1373 tuno
1308 1325 1426 1388 eomes,

197 1420 231 1482 in
256 1420 347 1482 ouius
371 1419 723 1502 (0100011111111111110
746 1418 834 1482 facta
858 1425 906 1482 est
922 1417 1002 1481 duas
1019 1417 1199 1501 epistolam)
1223 1437 1287 1480 uno
1310 1421 1425 1479 tenore

198 1533 231 1590 et
254 1547 350 1589 unam
367 1526 487 1590 habeat
509 1525 564 1590 ille
588 1527 643 1608 qui
659 1527 780 1606 mallat,
796 1527 933 1589 alteram
953 1524 1088 1589 similem
1111 1523 1167 1587 ille
1191 1523 1246 1605 qui
1261 1522 1426 1586 mallatur.

286 1632 446 1697 Veniente
469 1634 580 1714 itaque
603 1632 658 1696 illo
688 1633 742 1714 qui
769 1634 922 1697 mallatus
953 1637 1001 1696 001
1032 1631 1075 1694 ad
1108 1630 1320 1694 constitutum
1350 1648 1425 1692 oum

198 1739 262 1802 suis
292 1739 589 1820 sacramentalibus
617 1741 644 1803 si
674 1741 743 1821 ipse
775 1740 830 1822 qui
863 1761 936 1803 eum
968 1739 1114 1802 mallavit
1146 1737 1293 1816 defuerit,
1324 1735 1437 1800 faeiat

197 1868 304 1910 eomes
327 1848 360 1909 in
378 1847 468 1910 ouius
484 1848 680 1929 presentiam
703 1848 771 1928 ipse
787 1847 939 1910 mallatus
956 1846 1086 1910 advenit
1102 1844 1270 1927 epistolam
1294 1849 1327 1907 et
1350 1863 1424 1907 curn

197 1953 333 2017 testibus
358 1954 398 2016 ad
422 1953 624 2018 mallatorem
648 1976 741 2017 suurn
765 1954 878 2018 redeat
906 1960 939 2018 et
960 1954 1080 2017 iectum
1105 1953 1144 2016 de
1167 1951 1230 2015 XV
1253 1951 1364 2016 solidis
1393 1951 1425 2015 01

198 2059 260 2139 det,
286 2061 340 2142 qui
365 2060 407 2124 ad
430 2061 584 2142 placitum
609 2082 672 2124 non
696 2062 783 2124 venit
807 2061 1017 2124 constitutum
1049 2066 1081 2123 01
1107 2060 1263 2141 placitum
1292 2059 1321 2122 01
1349 2056 1423 2140 pro-

196 2174 297 2248 ponat
329 2167 426 2230 aliud.
480 2167 525 2231 Et
557 2168 584 2230 01
616 2169 734 2231 iterum
766 2168 809 2231 ad
841 2167 994 2250 placitum
1027 2167 1240 2230 constitutum
1272 2165 1426 2230 mallator

196 2273 305 2336 venire
339 2273 508 2353 distulerit,
540 2275 657 2338 iterum
691 2275 746 2339 det
777 2275 897 2338 ieotum
931 2274 970 2338 de
999 2274 1061 2337 XV
1094 2274 1217 2352 solidis3
1258 2281 1291 2336 et
1313 2273 1426 2337 mittat
1530 2336 1536 2348 x

196 2379 347 2443 mallatus
370 2381 503 2444 tertium
527 2383 736 2445 constitutum
760 2383 931 2461 mallatori,
960 2388 997 2445 ut
1018 2382 1127 2445 veniat
1150 2380 1191 2444 ad
1219 2386 1318 2444 100100
1342 2381 1426 2443 1001-

196 2486 358 2568 piendum.
413 2487 458 2552 Et
490 2489 517 2551 si
549 2488 667 2552 iterum
699 2490 851 2552 mallator
877 2489 985 2552 venire
1014 2488 1182 2567 distulerit,
1211 2487 1267 2551 det
1289 2487 1425 2551 11111110

196 2593 315 2656 ieotum
339 2594 514 2657 solidorum
538 2595 601 2658 XV
625 2602 658 2659 et
680 2595 780 2658 faeiat
802 2601 880 2660 tuno
904 2616 1010 2658 eomes
1039 2596 1187 2658 notitiam
1216 2616 1289 2658 oum
1317 2595 1425 2676 ragin·

197 2699 317 2780 burgila
342 2708 375 2764 01
397 2702 542 2766 testibus.
588 2703 633 2766 Et
657 2704 702 2766 010
730 2703 799 2784 ipse
828 2703 882 2784 qui
910 2703 1062 2765 mallatus
1091 2703 1133 2766 ad
1161 2703 1326 2766 servitium
1353 2701 1426 2781 fuit,

197 2805 237 2869 ab
261 2807 322 2870 hoo
346 2807 397 2871 die
421 2807 503 2872 liber
527 2815 560 2873 et
574 2811 732 2892 ingenuus
749 2809 847 2873 vadat
869 2830 929 2872 neo
953 2810 995 2872 sit
1011 2809 1171 2872 causatori
1195 2808 1261 2872 ulla
1285 2807 1426 2873 facultas

197 2914 334 2994 amplius
358 2916 543 2996 requirendi
568 2937 641 2980 eum
664 2916 706 2979 ad
730 2917 903 2980 servitium.

285 3027 295 3050 ²
317 3020 375 3074 Dos
393 3023 454 3075 hier
472 3025 531 3076 aad
550 3025 591 3075 im
609 3024 763 3091 Folpandert
782 3023 1041 3090 Eiapelclommerle,
1053 3025 1094 3077 ist
1114 3025 1147 3077 io
1165 3023 1213 3077 der
1232 3023 1280 3077 Hs.
1303 3025 1426 3078 malesar-

197 3108 328 3165 tichonii
347 3128 397 3164 ooo
416 3113 526 3180 Peyron
544 3118 668 3180 01911011.

785 3273 838 3342 11.

286 3394 320 3459 si
344 3398 415 3476 quis
439 3398 615 3479 quemlibet
633 3398 816 3463 mallaverit
831 3400 873 3463 ad
889 3401 1063 3480 servitium,
1086 3407 1123 3463 ut
1139 3401 1286 3481 superius
1302 3399 1426 3464 dietum

197 3509 258 3581 est,
283 3505 338 3584 qui
360 3505 393 3566 in
418 3504 482 3567 alia
505 3507 635 3586 regione
659 3505 721 3569 fuit
743 3513 839 3570 111110
863 3515 920 3570 aut
942 3509 1037 3588 longe
1060 3508 1144 3570 infra
1167 3508 1285 3588 patria,
1314 3513 1347 3570 01
1369 3506 1425 3572 ille

196 3609 276 3673 dioit
314 3611 400 3691 quod
438 3613 537 3692 ipsius
576 3633 685 3675 servus
723 3634 787 3677 non
822 3614 864 3677 sit
897 3621 929 3677 et
962 3635 1052 3677 suam
1085 3615 1268 3678 libertatem
1300 3616 1332 3677 in
1365 3635 1424 3679 suo

196 3716 374 3780 anthmallo
392 3727 580 3799 proportare
598 3722 707 3800 possit,
731 3728 809 3784 tuno
833 3742 939 3784 oomes
955 3720 1054 3785 faeiat
1070 3720 1160 3784 illum
1177 3721 1255 3785 dare
1270 3720 1424 3785 vuadium

196 3823 237 3886 ad
262 3845 352 3887 suam
377 3825 559 3890 libertatem
583 3828 843 3908 proportandam.
889 3827 934 3890 Et
957 3828 983 3889 si
1006 3828 1060 3891 ille
1085 3827 1211 3906 dixerit,
1235 3829 1322 3909 quod
1346 3826 1424 3892 fide·

195 3931 351 3994 iussorem
375 3932 494 3996 habere
511 3955 575 3997 non
591 3935 701 4015 possit,
724 3935 835 3998 tradat
859 3955 931 3997 eum
948 3935 1106 3997 00110011
1121 3955 1219 3997 manu
1235 3934 1425 4015 mallatoris,

196 4043 233 4102 ut
256 4060 328 4101 eum
353 4040 951 4104 011110101011111110011111111011111
980 4041 1157 4104 anthmallo
1183 4062 1240 4104 suo
1266 4041 1306 4104 ad
1331 4061 1424 4105 suam

196 4145 377 4209 libertatem
405 4147 667 4228 proportandam.
712 4148 756 4211 Et
780 4149 806 4210 si
831 4169 869 4211 ex
892 4153 1030 4228 paterna
1053 4149 1240 4228 genealogia
1265 4149 1425 4228 malletur,

196 4252 349 4316 adhibeat
372 4275 411 4316 ex
435 4260 583 4318 materna
597 4257 751 4338 progenie
767 4258 912 4338 (septem)
928 4261 1027 4318 testes
1048 4255 1102 4335 qui
1119 4256 1330 4335 proximiores
1350 4263 1426 4320 sunt

196 4366 229 4424 et
257 4381 295 4424 ex
322 4367 460 4441 paterna
487 4368 654 4443 quattuor,
688 4370 720 4426 et
748 4363 794 4426 sio
822 4382 856 4425 00
883 4362 1034 4444 idloneet.
1085 4359 1178 4440 Quod
1206 4363 1233 4424 si
1265 4368 1351 4447 v)ero
1385 4383 1425 4425 ex

195 4474 342 4532 materna
368 4469 520 4551 progenie
548 4471 713 4550 mallatur,
742 4475 864 4552 septem
892 4473 1010 4553 (testes)
1036 4467 1248 4548 proximiores
1271 4469 1425 4534 adhibeat
